% This file was created with JabRef 2.10.
% Encoding: UTF8


@Article{ChibaNishizekiSJC1985,
  Title                    = {Arboricity and subgraph listing algorithms},
  Author                   = {Chiba, Norishige and Nishizeki, Takao},
  Journal                  = {SIAM J. Comput.},
  Year                     = {1985},
  Number                   = {1},
  Pages                    = {210--223},
  Volume                   = {14},

  Coden                    = {SMJCAT},
  Doi                      = {10.1137/0214017},
  File                     = {:ChibaNishizekiSJC1985 - Arboricity and subgraph listing algorithms.pdf:PDF},
  Fjournal                 = {SIAM Journal on Computing},
  ISSN                     = {0097-5397},
  Mrclass                  = {68Q25 (05-04 68R10)},
  Mrnumber                 = {MR774940 (86e:68047)},
  Owner                    = {francisco},
  Timestamp                = {2015.05.19}
}

@Book{GrossYellen2006,
  Title                    = {Graph theory and its applications},
  Author                   = {Gross, Jonathan L. and Yellen, Jay},
  Publisher                = {Chapman \& Hall/CRC, Boca Raton, FL},
  Year                     = {2006},
  Edition                  = {Second},
  Series                   = {Discrete Mathematics and its Applications (Boca Raton)},

  ISBN                     = {978-1-58488-505-4; 1-58488-505-X},
  Mrclass                  = {05-01 (05Cxx 68R10)},
  Mrnumber                 = {2181153 (2006f:05001)},
  Mrreviewer               = {Ronald J. Gould},
  Pages                    = {xiv+779}
}

@Article{LinSoulignacSzwarcfiterTCS2012,
  Title                    = {Arboricity, {$h$}-index, and dynamic algorithms},
  Author                   = {Lin, Min Chih and Soulignac, Francisco J. and Szwarcfiter, Jayme L.},
  Journal                  = {Theoret. Comput. Sci.},
  Year                     = {2012},
  Pages                    = {75--90},
  Volume                   = {426/427},

  Coden                    = {TCSDI},
  Doi                      = {10.1016/j.tcs.2011.12.006},
  File                     = {:LinSoulignacSzwarcfiterTCS2012 - Arboricity, $h$-index, and dynamic algorithms.pdf:PDF},
  Fjournal                 = {Theoretical Computer Science},
  ISSN                     = {0304-3975},
  Mrclass                  = {05C85 (05C57 68P05)},
  Mrnumber                 = {2891574}
}

@Article{Nash-WilliamsJLMS1964,
  Title                    = {Decomposition of finite graphs into forests},
  Author                   = {Nash-Williams, C. St. J. A.},
  Journal                  = {J. London Math. Soc.},
  Year                     = {1964},
  Pages                    = {12},
  Volume                   = {39},

  Doi                      = {10.1112/jlms/s1-39.1.12},
  File                     = {:Nash-WilliamsJLMS1964 - Decomposition of finite graphs into forests.pdf:PDF},
  Fjournal                 = {Journal of the London Mathematical Society. Second Series},
  ISSN                     = {0024-6107},
  Mrclass                  = {55.10 (05.40)},
  Mrnumber                 = {0161333 (28 \#4541)},
  Mrreviewer               = {W. T. Tutte},
  Timestamp                = {2015.07.04}
}

